@article{berners2010long,
  title={Long Live the Web},
  author={Berners-Lee, T.},
  journal={Scientific American},
  volume={303},
  number={6},
  pages={80--85},
  year={2010},
  publisher={Nature Publishing Group}
}
@inproceedings{mikkonen2011apps,
  title={Apps vs. Open Web: The Battle of the Decade},
  author={Mikkonen, T. and Taivalsaari, A.},
  year={2011},
  booktitle={2nd Annual Workshop on Software Engineering for Mobile Application Development}
}
@inproceedings{taivalsaari2011web,
  title={The Web as an Application Platform: The Saga Continues},
  author={Taivalsaari, A. and Mikkonen, T.},
  booktitle={Software Engineering and Advanced Applications (SEAA), 2011 37th EUROMICRO Conference on},
  pages={170--174},
  year={2011},
  organization={IEEE}
}
@book{pilgrim2010dive,
  title={Dive into HTML5},
  author={Pilgrim, M.},
  year={2010},
  publisher={O'Reilly Media},
  isbn={0596806027}
}
